@article{TLMs-paper,
  author    = {Cyrus Omar and Jonathan Aldrich},
  title     = {Reasonably Programmable Literal Notation},
  journal   = {To appear, {PACMPL}},
  number    = {Issue {ICFP}},
  year      = {2018},
  url = {https://github.com/cyrus-/ptsms-paper/raw/master/icfp18/syntax-icfp18.pdf}
}

@article{modular-macros,
  author    = {Jeremy Yallop and Leo White},
  title     = {Modular Macros},
  journal   = {OCaml Users and Developers Workshop},
  year      = {2015}
}

@inproceedings{DBLP:conf/oopsla/ErdwegKRKOV11a,
  author    = {Sebastian Erdweg and
               Lennart C. L. Kats and
               Tillmann Rendel and
               Christian K{\"{a}}stner and
               Klaus Ostermann and
               Eelco Visser},
  title     = {SugarJ: library-based language extensibility},
  booktitle = {{OOPSLA} Companion},
  pages     = {187--188},
  publisher = {{ACM}},
  year      = {2011}
}